@book{windowsch5,
    title={Windows Internals, Part 1, Chapter 5},
    author={Russinovich, Mark E and Solomon, David A and Ionescu, Alex},
    year={2012},
    publisher={Pearson Education},
}

@book{windowsch10,
    title={Windows Internal, Part 2, Chapter 10},
    author={Russinovich, Mark E and Solomon, David A and Ionescu, Alex},
    year={2012},
    publisher={Pearson Education},
}

@misc{msdn,
    title={Microsoft Developer Network, The Cryptography API},
    howpublished={\url{https://msdn.microsoft.com/en-us/library/ms867086.aspx}},
    note={Accessed 12/02/2015}
}


@book{mckusick2014design,
    title={The design and implementation of the FreeBSD operating system},
    author={McKusick, Marshall Kirk and Neville-Neil, George V and Watson, Robert NM},
    year={2014},
    publisher={Pearson Education},
}
