@book{windowsch5,
    title={Windows Internals, Part 1, Chapter 5},
    author={Russinovich, Mark E and Solomon, David A and Ionescu, Alex},
    year={2012},
    publisher={Pearson Education},,
    note={The chapter of Windows Internals focuses on the specifics of how processes, threads and jobs work in Windows.}
}

@book{mckusick2014design,
    title={The design and implementation of the FreeBSD operating system},
    author={McKusick, Marshall Kirk and Neville-Neil, George V and Watson, Robert NM},
    year={2014},
    publisher={Pearson Education},
}
